<?xml version="1.0" encoding="UTF-8"?><collection xmlns="http://www.loc.gov/MARC21/slim"><record><leader>00395nam--2200133-i-4500</leader><controlfield tag="001">000015848</controlfield><controlfield tag="002">20161230</controlfield><controlfield tag="005">20161230201031</controlfield><controlfield tag="008">060222s1000------------r-----000-0-eng-d</controlfield><datafield ind1=" " ind2=" " tag="245"><subfield code="a">Directions in condensed matter physics. memorial volume in honor of shang-keng ma</subfield></datafield><datafield ind1=" " ind2=" " tag="260"><subfield code="a">Singapore, World Scientific, 1986</subfield></datafield><datafield ind1=" " ind2=" " tag="490"><subfield code="a">Xiv+252p</subfield></datafield><datafield ind1=" " ind2=" " tag="700"><subfield code="a">Grinstein, G.And Mazanko, G</subfield></datafield><datafield ind1=" " ind2=" " tag="852"><subfield code="a">539.4:538.91</subfield></datafield></record></collection>